@book{chaucer2008canterbury,
    title={The canterbury tales},
    author={Chaucer, Geoffrey},
    year={2008},
    publisher={Broadview Press}
}
@article{owst1933literature,
    title={Literature and pulpit in medieval England},
    author={Owst, Gerald Robert},
    year={1933}
}
@book{gower1980confessio,
    title={Confessio amantis},
    author={Gower, John},
    volume={9},
    year={1980},
    publisher={University of Toronto Press}
}
@book{fisher1964john,
    title={John Gower: Moral Philosopher and Friend of Chaucer},
    author={Fisher, John H},
    year={1964},
    publisher={New York University Press}
}
@book{wedding1924weddynge,
    title={The Weddynge of Sir Gawen and Dame Ragnell},
    author={Wedding of Sir Gawain and Dame Ragnell and Sumner, Laura},
    year={1924},
    publisher={Smith College}
}
@article{steinberg1964wife,
    title={The Wife of Bath's Tale and Her Fantasy of Fulfillment},
    author={Steinberg, Aaron},
    journal={College English},
    volume={26},
    number={3},
    pages={187--191},
    year={1964},
    publisher={JSTOR}
}
@article{aguirre1993riddle,
    title={The Riddle of Sovereignty},
    author={Aguirre, Manuel},
    journal={The Modern Language Review},
    pages={273--282},
    year={1993},
    publisher={JSTOR}
}